@inproceedings{McMahan2017CommunicationEfficientLO,
  title={Communication-Efficient Learning of Deep Networks from Decentralized Data},
  author={H. B. McMahan and Eider Moore and Daniel Ramage and Seth Hampson and Blaise Ag{\"u}era y Arcas},
  booktitle={AISTATS},
  year={2017}
}

